
@article{geant4one,
      author         = "Agostinelli, S. and others",
      title          = "{GEANT4: A Simulation toolkit}",
      collaboration  = "GEANT4",
      journal        = "Nucl.Instrum.Meth.",
      volume         = "A506",
      pages          = "250-303",
      doi            = "10.1016/S0168-9002(03)01368-8",
      year           = "2003",
      reportNumber   = "SLAC-PUB-9350, FERMILAB-PUB-03-339",
      SLACcitation   = "%%CITATION = NUIMA,A506,250;%%",
}

@ARTICLE{geant4two,
author={Allison, J. and Amako, K. and Apostolakis, J. and Araujo, H. and Dubois, P.A. and Asai, M. and Barrand, G. and Capra, R. and Chauvie, S. and Chytracek, R. and Cirrone, G. A P and Cooperman, G. and Cosmo, G. and Cuttone, G. and Daquino, G. G. and Donszelmann, M. and Dressel, M. and Folger, G. and Foppiano, F. and Generowicz, J. and Grichine, V. and Guatelli, S. and Gumplinger, P. and Heikkinen, A. and Hrivnacova, I. and Howard, A. and Incerti, S. and Ivanchenko, V. and Johnson, T. and Jones, F. and Koi, T. and Kokoulin, R. and Kossov, M. and Kurashige, H. and Lara, V. and Larsson, S. and Lei, F. and Link, O. and Longo, F. and Maire, M. and Mantero, A. and Mascialino, B. and McLaren, I. and Lorenzo, P.M. and Minamimoto, K. and Murakami, K. and Nieminen, P. and Pandola, L. and Parlati, S. and Peralta, L. and Perl, J. and Pfeiffer, A. and Pia, M.G. and Ribon, A. and Rodrigues, P. and Russo, G. and Sadilov, S. and Santin, G. and Sasaki, T. and Smith, D. and Starkov, N. and Tanaka, S. and Tcherniaev, E. and Tome, B. and Trindade, A. and Truscott, P. and Urban, L. and Verderi, M. and Walkden, A. and Wellisch, J. P. and Williams, D.C. and Wright, D. and Yoshida, H.},
journal={Nuclear Science, IEEE Transactions on},
title={Geant4 developments and applications},
year={2006},
volume={53},
number={1},
pages={270-278},
keywords={physics computing;Geant4;astrophysics;high energy physics;performance optimization;space science;Application software;Astrophysics;Kernel;Large Hadron Collider;Medical simulation;Object oriented modeling;Physics;Production;Protection;Software tools;Electromagnetic interactions;hadronic interactions;object-oriented technology;particle interactions;physics validation;simulation},
doi={10.1109/TNS.2006.869826},
ISSN={0018-9499}
}

%
%KamLAND
%
@article{kam2013,
      author         = "Gando, A. and others",
      title          = "{Reactor On-Off Antineutrino Measurement with KamLAND}",
      collaboration  = "KamLAND Collaboration",
      year           = "2013",
      eprint         = "1303.4667",
      archivePrefix  = "arXiv",
      primaryClass   = "hep-ex",
      SLACcitation   = "%%CITATION = ARXIV:1303.4667;%%",
}

@article{KZ0nu,
      author  = "Gando, A. and others",
      title          = "Limit on Neutrinoless $\beta\beta$ Decay of Xe-136 from
                        the First Phase of KamLAND-Zen and Comparison with the
                        Positive Claim in Ge-76",
      collaboration  = "KamLAND-Zen Collaboration",
      journal        = "Phys.Rev.Lett.",
      volume         = "110",
      pages          = "062502",
      year           = "2013",
      eprint         = "1211.3863",
      archivePrefix  = "arXiv",
      primaryClass   = "hep-ex",
      SLACcitation   = "%%CITATION = ARXIV:1211.3863;%%",
}


%
%Borexino
%
@article{borexino,
      author         = "Bellini, G. and others",
      title          = "{Precision measurement of the 7Be solar neutrino
                        interaction rate in Borexino}",
      journal        = "Phys.Rev.Lett.",
      volume         = "107",
      pages          = "141302",
      doi            = "10.1103/PhysRevLett.107.141302",
      year           = "2011",
      eprint         = "1104.1816",
      archivePrefix  = "arXiv",
      primaryClass   = "hep-ex",
      SLACcitation   = "%%CITATION = ARXIV:1104.1816;%%",
}


%
%Theta13
%
@article{dctwo,
 author         = "Abe, Y. and others",
 title          = "{Reactor electron antineutrino disappearance in the
                        Double Chooz experiment}",
 collaboration  = "Double Chooz Collaboration",
 journal        = "Phys.Rev.",
 volume         = "D86",
 pages          = "052008",
 doi            = "10.1103/PhysRevD.86.052008",
 year           = "2012",
      eprint         = "1207.6632",
      archivePrefix  = "arXiv",
      primaryClass   = "hep-ex",
      SLACcitation   = "%%CITATION = ARXIV:1207.6632;%%",
}

@article{dchydrogen,
      author         = "Abe, Y. and others",
      title          = "{First Measurement of $\theta_{13}$ from Delayed Neutron
                        Capture on Hydrogen in the Double Chooz Experiment}",
      collaboration  = "Double Chooz Collaboration",
      journal        = "Phys.Lett.",
      volume         = "B723",
      pages          = "66-70",
      doi            = "10.1016/j.physletb.2013.04.050",
      year           = "2013",
      eprint         = "1301.2948",
      archivePrefix  = "arXiv",
      primaryClass   = "hep-ex",
      SLACcitation   = "%%CITATION = ARXIV:1301.2948;%%",
}

@article{dbtwo,
      author         = "An, F.P. and others",
      title          = "{Improved Measurement of Electron Antineutrino
                        Disappearance at Daya Bay}",
      collaboration  = "Daya Bay Collaboration",
      journal        = "Chin. Phys.",
      volume         = "C37",
      pages          = "011001",
      doi            = "10.1088/1674-1137/37/1/011001",
      year           = "2013",
      eprint         = "1210.6327",
      archivePrefix  = "arXiv",
      primaryClass   = "hep-ex",
      SLACcitation   = "%%CITATION = ARXIV:1210.6327;%%",
}

@article{reno,
  title = {Observation of Reactor Electron Antineutrinos Disappearance in the RENO Experiment},
  author = {Ahn, J. K. and others},
  collaboration = {RENO},
  journal = {Phys. Rev. Lett.},
  volume = {108},
  issue = {19},
  pages = {191802},
  numpages = {6},
  year = {2012},
  month = {May},
  doi = {10.1103/PhysRevLett.108.191802},
  url = {http://link.aps.org/doi/10.1103/PhysRevLett.108.191802},
  publisher = {American Physical Society}
}

%
%Future Experiments
%
@article{isodar,
      author         = "Bungau, A. and others",
      collaboration = "IsoDAR",
      title          = "{An Electron Antineutrino Disappearance Search Using
                        High-Rate 8Li Production and Decay}",
      year           = "2012",
      eprint         = "1205.4419",
      archivePrefix  = "arXiv",
      primaryClass   = "hep-ex",
      SLACcitation   = "%%CITATION = ARXIV:1205.4419;%%",
}

@unpublished{isodarscatt,
  TITLE        = {Precision $\bar{\nu}_{e}$-electron Scattering Measurements with IsoDAR to Search for New Physics},
  AUTHOR       = {Conrad, J.M. and Shaevitz, M.H. and  Shimizu, I. and Spitz, J. and Toups, M. and Winslow, L.},
  YEAR         = {2013},
  NOTE         = {In preparation, for submission to PRD.}
  }

@article{Heeger:2013ema,
      author         = "Heeger, K.M. and Littlejohn, B.R. and Mumm, H.P.",
      title          = "{Multiple Detectors for a Short-Baseline Neutrino
                        Oscillation Search Near Reactors}",
      year           = "2013",
      eprint         = "1307.2859",
      archivePrefix  = "arXiv",
      primaryClass   = "hep-ex",
      SLACcitation   = "%%CITATION = ARXIV:1307.2859;%%",
}

@article{juno,
      author         = "Li, Yu-Feng and Cao, Jun and Wang, Yifang and Zhan,
                        Liang",
      title          = "{Unambiguous Determination of the Neutrino Mass Hierarchy
                        Using Reactor Neutrinos}",
      year           = "2013",
      eprint         = "1303.6733",
      archivePrefix  = "arXiv",
      primaryClass   = "hep-ex",
      SLACcitation   = "%%CITATION = ARXIV:1303.6733;%%",
}

